<?xml version="1.0" encoding="utf-8"?>
<record xmlns="http://www.loc.gov/MARC21/slim" xmlns:xsi="http://www.w3.org/2001/XMLSchema-instance" xsi:schemaLocation="http://www.loc.gov/MARC21/slim http://www.loc.gov/standards/marcxml/schema/MARC21slim.xsd">
	<leader>     nam a22     Mi 4500</leader>
	<controlfield tag="001">2686040</controlfield>
	<controlfield tag="003">NNC</controlfield>
	<controlfield tag="006">m        d        </controlfield>
	<controlfield tag="007">cr cn |||m|||a</controlfield>
	<controlfield tag="008">190404s1953    ua      o     000 0 ara d</controlfield>
	<datafield ind1=" " ind2=" " tag="040">
		<subfield code="a">ZYU</subfield>
		<subfield code="b">ara</subfield>
		<subfield code="e">rda</subfield>
		<subfield code="c">ZYU</subfield>
	</datafield>
	<datafield ind1="1" ind2=" " tag="110">
		<subfield code="a">Egypt.</subfield>
		<subfield code="t">Laws, etc.</subfield>
	</datafield>
	<datafield ind1="1" ind2="0" tag="245">
		<subfield code="6">880-01</subfield>
		<subfield code="a">Qānūn biʼaḥkām al-waqf al-ṣādir bi-al-Qānūn raqm 48 lisanat 1946 :</subfield>
		<subfield code="b">muʻallaqan ʻalá mawāddihi biʼaʻmalihi al-taḥḍīrīyah, wamudhaiyal bi-al-marsūm bi-Qānūn raqm 180 lisanat 1952 biʼilghāʼ niẓām al-waqf ʻalá ghair al-khairāt, wa-al-marsūm biqānūn raqm 342 lisanat 1952 al-muʻaddal lahū, qarār Wazīr al-ʻAdl bi-al-ijrāʼāt al-wājib ittibāʻuhā lishahr ilghāʼ al-waqf ʻalá ghair al-khairāt wamudhakkiratuhā al-īdāhīyah /</subfield>
		<subfield code="c">wadʻ Ibrāhīm Ḥanafī ; Rājaʻa al-taʻlīqāt waʼaqarrahā Muḥammad Aḥmad Faraj al-Sanhūrī.</subfield>
	</datafield>
	<datafield ind1=" " ind2=" " tag="260">
		<subfield code="6">880-02</subfield>
		<subfield code="a">al-Qāhirah :</subfield>
		<subfield code="b">al-Maṭbʻah al-Amīrīyah,</subfield>
		<subfield code="c">1953.</subfield>
	</datafield>
	<datafield ind1=" " ind2=" " tag="300">
		<subfield code="a">online resource (159 pages)</subfield>
	</datafield>
	<datafield ind1=" " ind2=" " tag="336">
		<subfield code="a">text</subfield>
		<subfield code="2">rdacontent</subfield>
	</datafield>
	<datafield ind1=" " ind2=" " tag="337">
		<subfield code="a">computer</subfield>
		<subfield code="2">rdamedia</subfield>
	</datafield>
	<datafield ind1=" " ind2=" " tag="338">
		<subfield code="a">online resource</subfield>
		<subfield code="2">rdacarrier</subfield>
	</datafield>
	<datafield ind1=" " ind2=" " tag="500">
		<subfield code="a">At head of title: Wizārat al-ʻAdl.</subfield>
	</datafield>
	<datafield ind1=" " ind2=" " tag="500">
		<subfield code="a">Non-Latin script record</subfield>
	</datafield>
	<datafield ind1=" " ind2=" " tag="500">
		<subfield code="a">Part of the Arabic Collections Online (ACO) project, contributed by Columbia University Libraries.</subfield>
	</datafield>
	<datafield ind1=" " ind2=" " tag="533">
		<subfield code="a">Electronic reproduction.</subfield>
		<subfield code="b">New York, N.Y. :</subfield>
		<subfield code="c">New York University,</subfield>
		<subfield code="d">2019.</subfield>
		<subfield code="5">NNU</subfield>
	</datafield>
	<datafield ind1="2" ind2=" " tag="710">
		<subfield code="a">Columbia University.</subfield>
		<subfield code="b">Libraries.</subfield>
	</datafield>
	<datafield ind1="0" ind2=" " tag="730">
		<subfield code="a">Arabic Collections Online.</subfield>
	</datafield>
	<datafield ind1="0" ind2="8" tag="776">
		<subfield code="i">Print version:</subfield>
		<subfield code="a">Egypt. Laws, etc.</subfield>
		<subfield code="t">Qānūn biʼaḥkām al-waqf al-ṣādir bi-al-Qānūn raqm 48 lisanat 1946</subfield>
		<subfield code="w">(NNC)2686040</subfield>
		<subfield code="w">(OCoLC)45085831</subfield>
	</datafield>
	<datafield ind1="4" ind2="0" tag="856">
		<subfield code="u">http://hdl.handle.net/2333.1/x69p8n88</subfield>
	</datafield>
	<datafield ind1="1" ind2="0" tag="880">
		<subfield code="6">245-01</subfield>
		<subfield code="a">قانون بأحكام الوقف الصادر بالقانون رقم 48 لسنة 1946 :</subfield>
		<subfield code="b">معلقا على مواده بأعماله التحضيرية، ومذيل بالمرسوم بقانون رقم 180 لسنة 1952 بإلغاء نظام الوقف على غير الخيرات، والمرسوم بقانون رقم 342 لسنة 1952 المعدل له، قرار وزير العدل بالاجراءات الواجب اتباعها لشهر الغاء الوقف على غير الخيرات ومذكراتها الإيضاحية /</subfield>
		<subfield code="c">وضع ابراهيم حنفي ؛ راجع التعليقات وأقرها محمد احمد فرج السنهوري.</subfield>
	</datafield>
	<datafield ind1=" " ind2=" " tag="880">
		<subfield code="6">260-02</subfield>
		<subfield code="a">القاهرة :</subfield>
		<subfield code="b">المطبعة الاميرية،</subfield>
		<subfield code="c">1953.</subfield>
	</datafield>
	<datafield ind1=" " ind2=" " tag="959">
		<subfield code="a">NNU</subfield>
		<subfield code="b">WEB</subfield>
		<subfield code="c">GENI</subfield>
		<subfield code="t">0</subfield>
		<subfield code="m">Electronic access</subfield>
		<subfield code="s">01</subfield>
	</datafield>
	<datafield ind1=" " ind2=" " tag="999">
		<subfield code="i">NNC_2686040</subfield>
		<subfield code="o">(OCoLC)ocm45085831</subfield>
		<subfield code="s">columbia_aco003511</subfield>
		<subfield code="e">(ERROR-880)(ERROR-MISC)</subfield>
		<subfield code="s">columbia_aco003511</subfield>
	</datafield>
</record>
